@misc{gu2022, title={Efficiently modeling long sequences with structured state spaces}, url={https://arxiv.org/abs/2111.00396}, journal={arXiv.org}, author={Gu, Albert and Goel, Karan and RÃ©, Christopher}, year={2022}, month={Aug}} 